% This file was created with Citavi 6.5.0.0

@misc{BIRD_COMMAND,
 abstract = {The BIRD project aims to develop a fully functional dynamic IP routing daemon primarily targeted on (but not limited to) Linux, FreeBSD and other UNIX-like systems and distributed under the GNU General Public License.},
 author = {{Tomas Filip - HIPPO {\copyright} 2004} and {ALL: WEBarium}, Content Feela},
 editor = {http://www.webarium.cz},
 year = {25.09.2020},
 title = {The BIRD Internet Routing Daemon Project},
 url = {https://bird.network.cz/?get_doc&v=20&f=bird-4.html},
 urldate = {25.09.2020}
}


@misc{BIRD_DOC,
 abstract = {The BIRD project aims to develop a fully functional dynamic IP routing daemon primarily targeted on (but not limited to) Linux, FreeBSD and other UNIX-like systems and distributed under the GNU General Public License.},
 author = {{Tomas Filip - HIPPO {\copyright} 2004} and {ALL: WEBarium}, Content Feela},
 editor = {http://www.webarium.cz},
 year = {25.09.2020},
 title = {The BIRD Internet Routing Daemon Project},
 url = {https://bird.network.cz/?get_doc&v=20&f=bird-6.html},
 urldate = {25.09.2020}
}


@misc{BIRD_EXAMPLE,
 author = {{Ondrej Sury}},
 year = {25.09.2020},
 title = {OSPF{\_}example · Wiki · labs / BIRD Internet Routing Daemon · GitLab},
 url = {https://gitlab.nic.cz/labs/bird/-/wikis/OSPF_example#:~:text=OSPF%20example,ptp%20links%20to%20other%20routers.},
 urldate = {25.09.2020},
 file = {https://gitlab.nic.cz/labs/bird/-/wikis/OSPF_example}
}


@misc{JanHenke.2014,
 author = {{Jan Henke}},
 editor = {{Hamburg University of Applied Sciences}},
 year = {2014},
 title = {Stealthy Attacks to the BGP Routing System},
 url = {https://www.inet.haw-hamburg.de/teaching/ws-2013-14/master-project/jan-henke_prj1.pdf},
 address = {Hamburg}
}


@book{ReducingBGP,
 author = {{G. Huston, M. Rossi, and G. Armitage}},
 year = {October 2010},
 title = {A Technique for Reducing BGP Update Announcements through Path Exploration Damping},
 url = {https://www.potaroo.net/papers/ieee/bgp_updates_2010.pdf},
 publisher = {{Selected Areas in Communications}},
 institution = {{IEEE Journal on vol. 28, no. 8, pp. 1271--1286}}
}


@article{TCPDUMP,
 abstract = {Learn how to use tcpdump to capture the data to analyze on your computer with Wireshark - this tutorial includes useful tools and commands.},
 author = {Phillips, Aaron},
 year = {27.12.2018},
 title = {How to run a remote packet capture with Wireshark and tcpdump},
 url = {https://www.comparitech.com/net-admin/tcpdump-capture-wireshark/},
 urldate = {25.09.2020},
 journal = {Comparitech}
}


