% This file was created with Citavi 6.5.0.0
